<?xml version="1.0" encoding="UTF-8"?><record xmlns="http://www.loc.gov/MARC21/slim" xmlns:cinclude="http://apache.org/cocoon/include/1.0" xmlns:zs="http://www.loc.gov/zing/srw/">
  <leader>00617nz  a2200145n  4500</leader>
  <controlfield tag="001">nr 92003323 </controlfield>
  <controlfield tag="003">DLC</controlfield>
  <controlfield tag="005">19920201063841.7</controlfield>
  <controlfield tag="008">920127n| acannaab|          |n aaa     c</controlfield>
  <datafield tag="010" ind1=" " ind2=" ">
    <subfield code="a">nr 92003323 </subfield>
  </datafield>
  <datafield tag="040" ind1=" " ind2=" ">
    <subfield code="a">NNC</subfield>
    <subfield code="c">NNC</subfield>
  </datafield>
  <datafield tag="100" ind1="1" ind2="0">
    <subfield code="a">Vail, Laurence,</subfield>
    <subfield code="d">1891-1968</subfield>
  </datafield>
  <datafield tag="670" ind1=" " ind2=" ">
    <subfield code="a">His Tableaux de Laurence Vail, 193-:</subfield>
    <subfield code="b">t.p. (Laurence Vail)</subfield>
  </datafield>
  <datafield tag="670" ind1=" " ind2=" ">
    <subfield code="a">Cont. auth.:</subfield>
    <subfield code="b">v. 112, p. 486 (Vail, Laurence; artist, linguist, poet and author; one of the fathers of the Dada art movement; b. 1/28/1891, Paris, France; d. 4/16/1968, Cannes, France)</subfield>
  </datafield>
  <datafield tag="670" ind1=" " ind2=" ">
    <subfield code="a">Who's who in American art, 1978 :</subfield>
    <subfield code="b">p. 945 (Vail, Laurence, collagist; d. 1968)</subfield>
  </datafield>
</record>